<record><leader>00000cas a22000007a 4500</leader><controlfield tag="001">30117145</controlfield><controlfield tag="008">940411d19911998inuwr ne      0   a0eng c</controlfield><datafield ind1=" " ind2=" " tag="010"><subfield code="a">sn 94004811 </subfield></datafield><datafield ind1=" " ind2=" " tag="040"><subfield code="a">NSD</subfield><subfield code="b">eng</subfield><subfield code="c">NSD</subfield><subfield code="d">OCL</subfield><subfield code="d">NPI</subfield><subfield code="d">OCLCQ</subfield><subfield code="d">OCLCF</subfield><subfield code="d">OCLCO</subfield></datafield><datafield ind1=" " ind2=" " tag="012"><subfield code="l">1</subfield></datafield><datafield ind1="1" ind2=" " tag="022"><subfield code="a">1075-6981</subfield><subfield code="l">1075-6981</subfield><subfield code="2">1</subfield></datafield><datafield ind1="1" ind2=" " tag="029"><subfield code="a">AU@</subfield><subfield code="b">000025885954</subfield></datafield><datafield ind1=" " ind2=" " tag="042"><subfield code="a">nsdp</subfield><subfield code="a">pcc</subfield></datafield><datafield ind1=" " ind2=" " tag="043"><subfield code="a">n-us-in</subfield></datafield><datafield ind1="0" ind2=" " tag="130"><subfield code="a">Calumet press (Ridge east)</subfield></datafield><datafield ind1=" " ind2="4" tag="222"><subfield code="a">The Calumet press</subfield><subfield code="b">(Ridge east)</subfield></datafield><datafield ind1="1" ind2="4" tag="245"><subfield code="a">The Calumet press.</subfield></datafield><datafield ind1=" " ind2=" " tag="250"><subfield code="a">Ridge east.</subfield></datafield><datafield ind1=" " ind2=" " tag="260"><subfield code="a">Highland, IN :</subfield><subfield code="b">Calumet Press,</subfield><subfield code="c">-[1998]</subfield></datafield><datafield ind1=" " ind2=" " tag="300"><subfield code="a">v. :</subfield><subfield code="b">ill.</subfield></datafield><datafield ind1=" " ind2=" " tag="310"><subfield code="a">Weekly</subfield></datafield><datafield ind1=" " ind2=" " tag="588"><subfield code="a">Description based on: Vol. 33, no. 11 (Mar. 27, 1991).</subfield></datafield><datafield ind1=" " ind2="0" tag="651"><subfield code="a">Calumet (Ind.)</subfield><subfield code="v">Newspapers.</subfield></datafield><datafield ind1=" " ind2="0" tag="651"><subfield code="a">Highland (Ind.)</subfield><subfield code="v">Newspapers.</subfield></datafield><datafield ind1=" " ind2="7" tag="655"><subfield code="a">Newspapers.</subfield><subfield code="2">fast</subfield><subfield code="0">(OCoLC)fst01423814</subfield></datafield><datafield ind1=" " ind2="7" tag="651"><subfield code="a">Indiana</subfield><subfield code="z">Calumet.</subfield><subfield code="2">fast</subfield><subfield code="0">(OCoLC)fst01237370</subfield></datafield><datafield ind1=" " ind2="7" tag="651"><subfield code="a">Indiana</subfield><subfield code="z">Highland.</subfield><subfield code="2">fast</subfield><subfield code="0">(OCoLC)fst01218068</subfield></datafield><datafield ind1=" " ind2=" " tag="752"><subfield code="a">United States</subfield><subfield code="b">Indiana</subfield><subfield code="c">Lake</subfield><subfield code="d">Highland.</subfield></datafield><datafield ind1="0" ind2="1" tag="780"><subfield code="t">Calumet press (Ridge ed.)</subfield><subfield code="w">(DLC)sn 00065017</subfield></datafield><datafield ind1="0" ind2="7" tag="785"><subfield code="t">Calumet press (Ridge west)</subfield><subfield code="x">1075-699X</subfield><subfield code="w">(DLC)sn 94004810</subfield></datafield><datafield ind1="0" ind2="7" tag="785"><subfield code="t">Calumet press (Ridge ed. : 1998)</subfield><subfield code="w">(DLC)sn2004062607</subfield></datafield></record>